@book{chari_guide_1995,
	address = {Cambridge},
	edition = {Reprint},
	title = {A guide to quantum groups},
	isbn = {978-0-521-55884-6 978-0-521-43305-1},
	language = {eng},
	publisher = {Cambridge Univ. Press},
	author = {Chari, Vyjayanthi and Pressley, Andrew},
	year = {1995},
}

@article{chari_yangians_1996,
	title = {Yangians: {Their} representations and characters},
	volume = {44},
	issn = {0167-8019, 1572-9036},
	shorttitle = {Yangians},
	url = {http://link.springer.com/10.1007/BF00116515},
	doi = {10.1007/BF00116515},
	language = {en},
	number = {1-2},
	urldate = {2023-08-14},
	journal = {Acta Applicandae Mathematicae},
	author = {Chari, Vyjayanthi and Pressley, Andrew},
	month = aug,
	year = {1996},
	pages = {39--58},
}

@article{gautam_poles_2023,
	title = {Poles of finite-dimensional representations of {Yangians}},
	volume = {29},
	issn = {1022-1824, 1420-9020},
	url = {https://link.springer.com/10.1007/s00029-022-00813-y},
	doi = {10.1007/s00029-022-00813-y},
	language = {en},
	number = {1},
	urldate = {2023-08-14},
	journal = {Selecta Mathematica},
	author = {Gautam, Sachin and Wendlandt, Curtis},
	month = feb,
	year = {2023},
	pages = {13},
}

@article{gerasimov_class_2005,
	title = {On a {Class} of {Representations} of the {Yangian} and {Moduli} {Space} of {Monopoles}},
	volume = {260},
	issn = {0010-3616, 1432-0916},
	url = {http://link.springer.com/10.1007/s00220-005-1417-3},
	doi = {10.1007/s00220-005-1417-3},
	language = {en},
	number = {3},
	urldate = {2023-08-14},
	journal = {Communications in Mathematical Physics},
	author = {Gerasimov, A. and Kharchev, S. and Lebedev, D. and Oblezin, S.},
	month = dec,
	year = {2005},
	pages = {511--525},
}

@book{kac_infinite_2003,
	address = {Cambridge},
	edition = {3. rev. ed., reprinted with corrections; Transf. to digital print},
	title = {Infinite dimensional {Lie} algebras},
	isbn = {978-0-521-46693-6 978-0-521-37215-2},
	language = {eng},
	publisher = {Cambridge Univ. Press},
	author = {Kac, Victor G.},
	year = {2003},
	annote = {Literaturverz. S. 367 - 400},
}

@misc{tan_braid_2015,
	title = {Braid group actions and tensor products for {Yangians}},
	url = {http://arxiv.org/abs/1510.01533},
	urldate = {2023-08-14},
	publisher = {arXiv},
	author = {Tan, Yilan},
	month = oct,
	year = {2015},
	note = {arXiv:1510.01533 [math]},
	keywords = {20G42, 81R50, Mathematics - Representation Theory},
	annote = {Comment: 18 Pages. arXiv admin note: text overlap with arXiv:1503.06510},
}

@book{kumar_kac-moody_2002,
	address = {Boston},
	series = {Progress in mathematics},
	title = {Kac--{Moody} groups, their flag varieties, and representation theory},
	isbn = {978-0-8176-4227-3 978-3-7643-4227-2},
	number = {v. 204},
	publisher = {Birkh√§user},
	author = {Kumar, S.},
	year = {2002},
	keywords = {Flag manifolds, Kac-Moody algebras, Representations of groups},
}

@book{humphreys_introduction_1972,
	address = {New York},
	series = {Graduate texts in mathematics},
	title = {Introduction to {Lie} algebras and representation theory},
	isbn = {978-0-387-90053-7 978-0-387-90052-0},
	number = {9},
	publisher = {Springer-Verlag},
	author = {Humphreys, James E.},
	year = {1972},
	keywords = {Lie algebras, Representations of groups, Representations of Lie algebras},
}

@book{hall_lie_2015,
	address = {Cham},
	series = {Graduate {Texts} in {Mathematics}},
	title = {Lie {Groups}, {Lie} {Algebras}, and {Representations}: {An} {Elementary} {Introduction}},
	volume = {222},
	isbn = {978-3-319-13466-6 978-3-319-13467-3},
	shorttitle = {Lie {Groups}, {Lie} {Algebras}, and {Representations}},
	url = {https://link.springer.com/10.1007/978-3-319-13467-3},
	language = {en},
	urldate = {2023-08-14},
	publisher = {Springer International Publishing},
	author = {Hall, Brian C.},
	year = {2015},
	doi = {10.1007/978-3-319-13467-3},
}

@article{guay_coproduct_2018,
	title = {Coproduct for {Yangians} of affine {Kac}--{Moody} algebras},
	volume = {338},
	issn = {00018708},
	url = {https://linkinghub.elsevier.com/retrieve/pii/S000187081830344X},
	doi = {10.1016/j.aim.2018.09.013},
	language = {en},
	urldate = {2023-08-14},
	journal = {Advances in Mathematics},
	author = {Guay, Nicolas and Nakajima, Hiraku and Wendlandt, Curtis},
	month = nov,
	year = {2018},
	pages = {865--911},
}

@misc{wendlandt_restricted_2022,
	title = {The restricted quantum double of the {Yangian}},
	url = {http://arxiv.org/abs/2204.00983},
	urldate = {2024-03-05},
	publisher = {arXiv},
	author = {Wendlandt, Curtis},
	month = apr,
	year = {2022},
	note = {arXiv:2204.00983 [math-ph]},
	keywords = {17B37 (Primary), 81R10 (Secondary), Mathematical Physics, Mathematics - Quantum Algebra, Mathematics - Representation Theory},
}

@article{beck_braid_1994,
	title = {Braid group action and quantum affine algebras},
	volume = {165},
	issn = {0010-3616, 1432-0916},
	url = {http://link.springer.com/10.1007/BF02099423},
	doi = {10.1007/BF02099423},
	language = {en},
	number = {3},
	urldate = {2023-11-01},
	journal = {Communications in Mathematical Physics},
	author = {Beck, Jonathan},
	month = oct,
	year = {1994},
	pages = {555--568},
}

@article{chari_braid_2002,
	title = {Braid group actions and tensor products},
	volume = {2002},
	issn = {10737928},
	url = {https://academic.oup.com/imrn/article-lookup/doi/10.1155/S107379280210612X},
	doi = {10.1155/S107379280210612X},
	number = {7},
	urldate = {2023-11-01},
	journal = {International Mathematics Research Notices},
	author = {Chari, Vyjayanthi},
	year = {2002},
	pages = {357},
}

@article{levendorskii_generators_1993,
	title = {On generators and defining relations of {Yangians}},
	volume = {12},
	issn = {03930440},
	url = {https://linkinghub.elsevier.com/retrieve/pii/039304409390084R},
	doi = {10.1016/0393-0440(93)90084-R},
	language = {en},
	number = {1},
	urldate = {2023-11-01},
	journal = {Journal of Geometry and Physics},
	author = {Levendorski\v{\i}, S. Z.},
	month = jul,
	year = {1993},
	pages = {1--11},
}

@article{drinfeld_hopf_1985,
	title = {Hopf algebras and the quantum {Yang}-{Baxter} equation},
	volume = {32},
	number = {1},
	journal = {Soviet Mathematics Doklady},
	author = {Drinfel'd, V. G.},
	year = {1985},
	pages = {254--258},
}

@article{gautam_yangians_2013,
	title = {Yangians and quantum loop algebras},
	volume = {19},
	issn = {1022-1824, 1420-9020},
	url = {http://link.springer.com/10.1007/s00029-012-0114-2},
	doi = {10.1007/s00029-012-0114-2},
	language = {en},
	number = {2},
	urldate = {2023-11-03},
	journal = {Selecta Mathematica},
	author = {Gautam, Sachin and Toledano Laredo, Valerio},
	month = may,
	year = {2013},
	pages = {271--336},
}

@misc{friesen_braid_2024,
	title = {Braid group actions, {Baxter} polynomials, and affine quantum groups},
	url = {http://arxiv.org/abs/2401.06402},
	urldate = {2024-01-25},
	publisher = {arXiv},
	author = {Friesen, Noah and Weekes, Alex and Wendlandt, Curtis},
	month = jan,
	year = {2024},
	note = {arXiv:2401.06402 [math]},
	keywords = {Mathematics - Representation Theory, Mathematics - Quantum Algebra, 17B37 (Primary), 17B10 (Secondary)},
	annote = {Comment: 42 pages},
}

@article{baxter_partition_1972,
	title = {Partition function of the {Eight}-{Vertex} lattice model},
	volume = {70},
	issn = {00034916},
	url = {https://linkinghub.elsevier.com/retrieve/pii/0003491672903351},
	doi = {10.1016/0003-4916(72)90335-1},
	language = {en},
	number = {1},
	urldate = {2024-03-05},
	journal = {Annals of Physics},
	author = {Baxter, Rodney J},
	month = mar,
	year = {1972},
	pages = {193--228},
}

@article{frenkel_baxters_2015,
	title = {Baxter's relations and spectra of quantum integrable models},
	volume = {164},
	issn = {0012-7094},
	url = {https://projecteuclid.org/journals/duke-mathematical-journal/volume-164/issue-12/Baxters-relations-and-spectra-of-quantum-integrable-models/10.1215/00127094-3146282.full},
	doi = {10.1215/00127094-3146282},
	number = {12},
	urldate = {2024-03-05},
	journal = {Duke Mathematical Journal},
	author = {Frenkel, Edward and Hernandez, David},
	month = sep,
	year = {2015},
}

@article{fujita_q-data_2021,
	title = {Q-data and {Representation} {Theory} of {Untwisted} {Quantum} {Affine} {Algebras}},
	volume = {384},
	issn = {0010-3616, 1432-0916},
	url = {https://link.springer.com/10.1007/s00220-021-04028-8},
	doi = {10.1007/s00220-021-04028-8},
	language = {en},
	number = {2},
	urldate = {2024-03-05},
	journal = {Communications in Mathematical Physics},
	author = {Fujita, Ryo and Oh, Se-jin},
	month = jun,
	year = {2021},
	pages = {1351--1407},
}

@article{fujita_graded_2022,
	title = {Graded quiver varieties and singularities of normalized {R}-matrices for fundamental modules},
	volume = {28},
	issn = {1022-1824, 1420-9020},
	url = {https://link.springer.com/10.1007/s00029-021-00715-5},
	doi = {10.1007/s00029-021-00715-5},
	language = {en},
	number = {1},
	urldate = {2024-03-05},
	journal = {Selecta Mathematica},
	author = {Fujita, Ryo},
	month = feb,
	year = {2022},
	pages = {2},
}

@article{guay_local_2015,
	title = {Local {Weyl} modules and cyclicity of tensor products for {Yangians}},
	volume = {432},
	issn = {00218693},
	url = {https://linkinghub.elsevier.com/retrieve/pii/S0021869315001222},
	doi = {10.1016/j.jalgebra.2015.02.023},
	language = {en},
	urldate = {2024-03-05},
	journal = {Journal of Algebra},
	author = {Guay, Nicolas and Tan, Yilan},
	month = jun,
	year = {2015},
	pages = {228--251},
}

@misc{hernandez_shifted_2022,
	title = {Shifted {Yangians} and polynomial {R}-matrices},
	url = {http://arxiv.org/abs/2103.10993},
	urldate = {2024-03-05},
	publisher = {arXiv},
	author = {Hernandez, David and Zhang, Huafeng},
	month = mar,
	year = {2022},
	note = {arXiv:2103.10993 [math-ph]},
	keywords = {Mathematical Physics, Mathematics - Quantum Algebra, Mathematics - Representation Theory},
	annote = {Comment: v1: 59 pages. v2: 57 pages, results of Subsection 7.2 strengthened with a simplified proof, final version accepted in PRIMS},
}

@article{davesh_maulik_quantum_2019,
	title = {Quantum groups and quantum cohomology},
	volume = {408},
	issn = {0303-1179, 2492-5926},
	url = {https://smf.emath.fr/publications/groupes-quantiques-et-cohomologie-quantique},
	doi = {10.24033/ast.1074},
	urldate = {2024-03-05},
	journal = {Ast\'erisque},
	author = {{Davesh Maulik} and {Andrei Okounkov}},
	year = {2019},
	pages = {1--212},
}

@article{nakajima_quiver_2000,
	title = {Quiver varieties and finite dimensional representations of quantum affine algebras},
	volume = {14},
	issn = {0894-0347, 1088-6834},
	url = {https://www.ams.org/jams/2001-14-01/S0894-0347-00-00353-2/},
	doi = {10.1090/S0894-0347-00-00353-2},
	language = {en},
	number = {1},
	urldate = {2024-03-05},
	journal = {Journal of the American Mathematical Society},
	author = {Nakajima, Hiraku},
	month = oct,
	year = {2000},
	pages = {145--238},
}

@article{nekrasov_supersymmetric_2009,
	title = {Supersymmetric {Vacua} and {Bethe} {Ansatz}},
	volume = {192-193},
	issn = {09205632},
	url = {https://linkinghub.elsevier.com/retrieve/pii/S0920563209005556},
	doi = {10.1016/j.nuclphysbps.2009.07.047},
	language = {en},
	urldate = {2024-03-05},
	journal = {Nuclear Physics B - Proceedings Supplements},
	author = {Nekrasov, Nikita A. and Shatashvili, Samson L.},
	month = jul,
	year = {2009},
	pages = {91--112},
}

@article{pushkar_baxter_2020,
	title = {Baxter {Q}-operator from quantum {K}-theory},
	volume = {360},
	issn = {00018708},
	url = {https://linkinghub.elsevier.com/retrieve/pii/S0001870819305341},
	doi = {10.1016/j.aim.2019.106919},
	language = {en},
	urldate = {2024-03-05},
	journal = {Advances in Mathematics},
	author = {Pushkar, Petr P. and Smirnov, Andrey V. and Zeitlin, Anton M.},
	month = jan,
	year = {2020},
	pages = {106919},
}

@article{pushkar_quantum_2018,
	title = {Quantum {K}-theory and the {Baxter} {Operator}},
	url = {https://academiccommons.columbia.edu/doi/10.7916/D8W682ZK},
	doi = {10.7916/D8W682ZK},
	urldate = {2024-03-05},
	author = {Pushkar, Petr P.},
	year = {2018},
	note = {PhD thesis},
	keywords = {FOS: Mathematics, Grassmann manifolds, K-theory, Mathematics, Quantum groups, Topology},
}

@article{varagnolo_quiver_2000,
	title = {Quiver varieties and {Yangians}},
	volume = {53},
	issn = {03779017},
	url = {http://link.springer.com/10.1023/A:1007674020905},
	doi = {10.1023/A:1007674020905},
	number = {4},
	urldate = {2024-03-05},
	journal = {Letters in Mathematical Physics},
	author = {Varagnolo, Michela},
	year = {2000},
	pages = {273--283},
}

@article {gautam_meromorphic_2021,
	author = {Gautam, S. and Toledano Laredo, V.  and Wendlandt, C.},
	title = {The meromorphic {$R$}-matrix of the {Y}angian},
	book = {Representation theory, mathematical physics, and integrable systems},
	journal = {Progress in Mathematics},
	volume = {340},
	pages = {201--269},
	publisher = {Birkh\"{a}user/Springer, Cham},
	year = {2021},
	mrclass = {17B38 (81R50)},
	doi = {10.1007/978-3-030-78148-4\_7},
}

@book {weekes_highest_2016,
	author = {Weekes, A.},
	title = {Highest {W}eights for {T}runcated {S}hifted {Y}angians},
	note = {Thesis (Ph.D.)--University of Toronto (Canada)},
	publisher = {ProQuest LLC, Ann Arbor, MI},
	year= {2016},
	pages = {102},
	isbn = {978-1369-85412-1},
}

@book {lusztig_introduction_2010,
	author = {Lusztig, G.},
	title = {Introduction to quantum groups},
	series = {Modern Birkh\"{a}user Classics},
	note = {Reprint of the 1994 edition},
	publisher = {Birkh\"{a}user/Springer, New York},
	year = {2010},
	pages = {xiv+346},
	isbn = {978-0-8176-4716-2},
	mrclass = {17B37 (16T05 17-02 17B35)},
	doi = {10.1007/978-0-8176-4717-9},
}

@article {chari_fundamental_1991,
	author = {Chari, Vyjayanthi and Pressley, Andrew},
	title = {Fundamental representations of {Y}angians and singularities of {$R$}-matrices},
	journal = {J. Reine Angew. Math.},
	fjournal = {Journal f\"{u}r die Reine und Angewandte Mathematik. [Crelle's Journal]},
	volume = {417},
	year = {1991},
	pages = {87--128},
	issn = {0075-4102},
	mrclass = {17B37},
}

@article {gautam_yangians_2016,
	author = {Gautam, Sachin and Toledano Laredo, Valerio},
	title = {Yangians, quantum loop algebras, and abelian difference equations},
	journal = {J. Amer. Math. Soc.},
	fjournal = {Journal of the American Mathematical Society},
	volume = {29},
	year = {2016},
	number = {3},
	pages = {775--824},
	issn = {0894-0347},
	mrclass = {17B67 (17B37)},
	doi = {10.1090/jams/851},
}

@article {drinfeld_new_1988,
	author = {Drinfel'd, V. G.},
	title = {A new realization of {Y}angians and quantum affine algebras},
	journal = {Soviet Math. Dokl.},
	fjournal = {Soviet Mathematics Doklady},
	volume = {36},
	year = {1988},
	number = {2},
	pages = {212-216},
}

@article {guay_equivalences_2019,
	author = {Guay, N. and Regelskis, V. and Wendlandt, C.},
	title = {Equivalences between three presentations of orthogonal and symplectic {Y}angians},
	journal = {Lett. Math. Phys.},
	fjournal = {Letters in Mathematical Physics},
	volume = {109},
	year = {2019},
	number = {2},
	pages = {327--379},
	issn = {0377-9017},
	doi = {10.1007/s11005-018-1108-6},
}
